<?xml version="1.0" encoding="UTF-8"?>
<collection xmlns:xsi="http://www.w3.org/2001/XMLSchema-instance" xsi:schemaLocation="http://www.loc.gov/MARC21/slim http://www.loc.gov/standards/marcxml/schema/MARC21slim.xsd" xmlns="http://www.loc.gov/MARC21/slim">
<record>
  <leader>02518cam a2200373 a 4500</leader>
  <controlfield tag="001">645294</controlfield>
  <controlfield tag="003">NNC</controlfield>
  <controlfield tag="005">20100307232343.0</controlfield>
  <controlfield tag="008">890911s1974    ir       b    000|0 ara d</controlfield>
  <datafield tag="035" ind1=" " ind2=" ">
    <subfield code="a">(OCoLC)26942227</subfield>
  </datafield>
  <datafield tag="035" ind1=" " ind2=" ">
    <subfield code="a">(OCoLC)ocm26942227</subfield>
  </datafield>
  <datafield tag="035" ind1=" " ind2=" ">
    <subfield code="a">(CStRLIN)NYCG88-B30947</subfield>
  </datafield>
  <datafield tag="035" ind1=" " ind2=" ">
    <subfield code="9">ACV2249CU</subfield>
  </datafield>
  <datafield tag="035" ind1=" " ind2=" ">
    <subfield code="a">(NNC)645294</subfield>
  </datafield>
  <datafield tag="040" ind1=" " ind2=" ">
    <subfield code="a">NjP</subfield>
    <subfield code="c">NjP</subfield>
  </datafield>
  <datafield tag="066" ind1=" " ind2=" ">
    <subfield code="c">(3</subfield>
  </datafield>
  <datafield tag="090" ind1=" " ind2=" ">
    <subfield code="a">PB193.1.A3</subfield>
    <subfield code="b">I262 1974</subfield>
  </datafield>
  <datafield tag="100" ind1="0" ind2=" ">
    <subfield code="6">880-01</subfield>
    <subfield code="a">Ibn al-Maghāzilī,</subfield>
    <subfield code="d">d. 1090 or 91.</subfield>
  </datafield>
  <datafield tag="245" ind1="1" ind2="0">
    <subfield code="6">880-02</subfield>
    <subfield code="a">Manāqib ʻAlī ibn Abī Ṭālib, ʻalayhi al-salām /</subfield>
    <subfield code="c">lil-faqīh Abī al-Ḥasan ʻAlī ibn Muḥammad ibn Muḥammad al-Wāsiṭī al-Jullābī al-Shāfiʻī al-shahīr bi-Ibn al-Maghāzilī.  Maʻa risālat al-Mīzān al-qāsiṭ fī tarjamat muʾarrikh Wāsiṭ / lil-ʻallāmah Shihāb al-Dīn al-Ḥusaynī al-Marʻashī al-Najafī.</subfield>
  </datafield>
  <datafield tag="260" ind1=" " ind2=" ">
    <subfield code="6">880-03</subfield>
    <subfield code="a">Ṭihrān :</subfield>
    <subfield code="b">al-Maktabah al-Islāmīyah,</subfield>
    <subfield code="c">1394 [1974 or 1975]</subfield>
  </datafield>
  <datafield tag="300" ind1=" " ind2=" ">
    <subfield code="a">459 p. ;</subfield>
    <subfield code="c">25 cm.</subfield>
  </datafield>
  <datafield tag="500" ind1=" " ind2=" ">
    <subfield code="a">On t.p. verso: ḥaqqaqahu wa-ʻallaqa ʻalayhi Muḥammad Bāqir al-Bahbūdī.</subfield>
  </datafield>
  <datafield tag="504" ind1=" " ind2=" ">
    <subfield code="a">Includes bibliographical references.</subfield>
  </datafield>
  <datafield tag="600" ind1="0" ind2="0">
    <subfield code="a">ʻAlī ibn Abī Ṭālib,</subfield>
    <subfield code="c">Caliph,</subfield>
    <subfield code="d">600 (ca.)-661.</subfield>
  </datafield>
  <datafield tag="700" ind1="1" ind2="0">
    <subfield code="6">880-04</subfield>
    <subfield code="a">Bahbūdī, Muḥammad Bāqir.</subfield>
  </datafield>
  <datafield tag="700" ind1="1" ind2="2">
    <subfield code="6">880-05</subfield>
    <subfield code="a">Najafī, Shihāb al-Dīn.</subfield>
    <subfield code="t">Mīzān al-qāsiṭ fī tarjamat muʾarrikh Wāsiṭ.</subfield>
    <subfield code="f">1982.</subfield>
  </datafield>
  <datafield tag="740" ind1="0" ind2="1">
    <subfield code="6">880-06</subfield>
    <subfield code="a">Mīzān al-qāsiṭ fī tarjamat muʾarrikh Wāsiṭ.</subfield>
  </datafield>
  <datafield tag="880" ind1="0" ind2=" ">
    <subfield code="6">100-01/(3/r</subfield>
    <subfield code="a">أبي الحسن علي بن محمد بن محمد الوسطي الجلابي الشافعي الشهير بابن المغازلي.</subfield>
  </datafield>
  <datafield tag="880" ind1="1" ind2="0">
    <subfield code="6">245-02/(3/r</subfield>
    <subfield code="a">مناقب علي بن أبي طالب عليه السلام /</subfield>
    <subfield code="c">للفقيه الحافظ الخطيب أبي الحسن علي بن محمد بن محمد الوسطي الجلابي الشافعي الشهير بابن المغازلي. مع رسالة الميزان القاسط في ترجمة مؤرخ واسط للعلامه الحجة اية الله العظمى السيد شهاب الدين الحسيني المرعشي النجفي دام ظله الوارف.</subfield>
  </datafield>
  <datafield tag="880" ind1=" " ind2=" ">
    <subfield code="6">260-03/(3/r</subfield>
    <subfield code="a">طهران :</subfield>
    <subfield code="b">المكتبه الاسلاميه،</subfield>
    <subfield code="c">٤٩٣١ [٤٧٩١ او ٥٧٩١]</subfield>
  </datafield>
  <datafield tag="880" ind1="0" ind2="0">
    <subfield code="6">700-04/(3/r</subfield>
    <subfield code="a">محمد باقر البهبودي.</subfield>
  </datafield>
  <datafield tag="880" ind1="0" ind2="0">
    <subfield code="6">700-05/(3/r</subfield>
    <subfield code="a">شهاب الدين الحسيني المرعشي النجفي.</subfield>
  </datafield>
  <datafield tag="880" ind1="0" ind2="1">
    <subfield code="6">740-06/(3/r</subfield>
    <subfield code="a">ميزان القاسط في ترجمة مؤرخ واسط.</subfield>
  </datafield>
  <datafield tag="955" ind1=" " ind2=" ">
    <subfield code="b">CU10746765</subfield>
    <subfield code="d">off,glx</subfield>
    <subfield code="e">ME06438</subfield>
  </datafield>
</record>
</collection>